@article{rottenstreich2016optimal,
  title={Optimal rule caching and lossy compression for longest prefix matching},
  author={Rottenstreich, Ori and Tapolcai, J{\'a}nos},
  journal={IEEE/ACM Transactions on Networking},
  volume={25},
  number={2},
  pages={864--878},
  year={2016},
  publisher={IEEE}
}
